<record><leader>00000cas a2200000 a 4500</leader><controlfield tag="001">22717568</controlfield><controlfield tag="008">901120d19291942nbuwr ne      0    0eng d</controlfield><datafield ind1=" " ind2=" " tag="010"><subfield code="a">sn 90051934 </subfield></datafield><datafield ind1=" " ind2=" " tag="040"><subfield code="a">CNQ</subfield><subfield code="b">eng</subfield><subfield code="c">CNQ</subfield><subfield code="d">NVG</subfield><subfield code="d">OCL</subfield><subfield code="d">OCLCQ</subfield><subfield code="d">OCLCF</subfield><subfield code="d">OCLCO</subfield></datafield><datafield ind1="1" ind2=" " tag="029"><subfield code="a">AU@</subfield><subfield code="b">000025854558</subfield></datafield><datafield ind1=" " ind2=" " tag="042"><subfield code="a">msc</subfield></datafield><datafield ind1=" " ind2=" " tag="043"><subfield code="a">n-us-nb</subfield></datafield><datafield ind1="0" ind2="0" tag="245"><subfield code="a">Northwest Nebraska news.</subfield></datafield><datafield ind1="1" ind2="3" tag="246"><subfield code="a">Northwest Nebraska news successor to the Crawford courier</subfield></datafield><datafield ind1=" " ind2=" " tag="260"><subfield code="a">Crawford, Dawes County, Neb. :</subfield><subfield code="b">Karl L. Spence,</subfield><subfield code="c">1929-1942.</subfield></datafield><datafield ind1=" " ind2=" " tag="300"><subfield code="a">14 v.</subfield></datafield><datafield ind1=" " ind2=" " tag="310"><subfield code="a">Weekly</subfield></datafield><datafield ind1="0" ind2=" " tag="362"><subfield code="a">Vol. 25, no. 4 (Nov. 28, 1929)-v. 38, no. 7 (Dec. 10, 1942).</subfield></datafield><datafield ind1=" " ind2="0" tag="651"><subfield code="a">Crawford (Neb.)</subfield><subfield code="v">Newspapers.</subfield></datafield><datafield ind1=" " ind2="7" tag="655"><subfield code="a">Newspapers.</subfield><subfield code="2">fast</subfield><subfield code="0">(OCoLC)fst01423814</subfield></datafield><datafield ind1=" " ind2="7" tag="651"><subfield code="a">Nebraska</subfield><subfield code="z">Crawford.</subfield><subfield code="2">fast</subfield><subfield code="0">(OCoLC)fst01237195</subfield></datafield><datafield ind1=" " ind2=" " tag="752"><subfield code="a">United States</subfield><subfield code="b">Nebraska</subfield><subfield code="c">Dawes</subfield><subfield code="d">Crawford.</subfield></datafield><datafield ind1="0" ind2="0" tag="780"><subfield code="t">Crawford courier</subfield><subfield code="w">(DLC)sn 97062827</subfield></datafield></record>